@article{Cortez2009,
  author    = {Paulo Cortez and Ant{\'{o}}nio Cerdeira and Fernando Almeida and Telmo Matos and Jos{\'{e}} Reis},
  journal   = {Decision Support Systems},
  title     = {Modeling wine preferences by data mining from physicochemical properties},
  year      = {2009},
  month     = {nov},
  number    = {4},
  pages     = {547--553},
  volume    = {47},
  doi       = {10.1016/j.dss.2009.05.016},
  publisher = {Elsevier {BV}}
}

@article{Scutari2019,
  author    = {Marco Scutari and Catharina Elisabeth Graafland and Jos{\'{e}} Manuel Guti{\'{e}}rrez},
  journal   = {International Journal of Approximate Reasoning},
  title     = {Who learns better Bayesian network structures: Accuracy and speed of structure learning algorithms},
  year      = {2019},
  month     = {dec},
  pages     = {235--253},
  volume    = {115},
  doi       = {10.1016/j.ijar.2019.10.003},
  publisher = {Elsevier {BV}}
}

@Book{Aho1999,
  author    = {Aho, Alfred V. and Hopcroft, John E. and Ullman, Jeffrey D.},
  publisher = {Addison-Wesley},
  title     = {Data structures and algorithms},
  year      = {1999},
  address   = {Reading, Mass. [u.a.]},
  edition   = {Repr. with corrections},
  isbn      = {0201000237},
  series    = {Addison-Wesley series in computer science and information processing},
  pagetotal = {427},
  ppn_gvk   = {1616877979},
}

@Comment{jabref-meta: databaseType:bibtex;}
